<?xml version="1.0" encoding="UTF-8"?><collection xmlns="http://www.loc.gov/MARC21/slim"><record><leader>00405nam--2200157-i-4500</leader><controlfield tag="001">000013091</controlfield><controlfield tag="002">20161230</controlfield><controlfield tag="005">20170118213853</controlfield><controlfield tag="008">060222s1000------------r-----000-0-eng-d</controlfield><datafield ind1=" " ind2=" " tag="080"><subfield code="a">546.26.027. 539.143,43</subfield></datafield><datafield ind1=" " ind2=" " tag="100"><subfield code="a">Breitmaier, E</subfield></datafield><datafield ind1=" " ind2=" " tag="245"><subfield code="a">Atlas of carbon- 13 nmr data.compounds 1 - 999</subfield></datafield><datafield ind1=" " ind2=" " tag="260"><subfield code="a">London</subfield><subfield code="b">Heyden</subfield><subfield code="c">1979</subfield></datafield><datafield ind1=" " ind2=" " tag="700"><subfield code="a">Voelter, W</subfield></datafield><datafield ind1=" " ind2=" " tag="852"><subfield code="a">47268</subfield></datafield><datafield ind1=" " ind2=" " tag="CAT"><subfield code="a">SYS</subfield><subfield code="c">20170118</subfield><subfield code="h">213853</subfield></datafield></record></collection>